@article{bengio1994learning,
  title={Learning long-term dependencies with gradient descent is difficult},
  author={Bengio, Y. and Simard, P. and Frasconi, P.},
  journal={IEEE Transactions on Neural Networks},
  volume={5},
  number={2},
  pages={157--166},
  year={1994},
  publisher={IEEE},
  doi={10.1109/72.279181}
}

@book{rabiner1993fundamentals,
  author = {Rabiner, L. R. and Juang, B. H.},
  title = {Fundamentals of Speech Recognition},
  publisher = {PTR Prentice Hall},
  year = {1993}
}

@article{cho2014properties,
  author = {Cho, K. and van Merrienboer, B. and Bahdanau, D. and Bengio, Y.},
  title = {On the Properties of Neural Machine Translation: Encoder-Decoder Approaches},
  year = {2014},
  journal = {arXiv preprint},
  doi = {10.48550/arxiv.1409.1259}
}

@article{chung2014empirical,
  author = {Chung, J. and Gulcehre, C. and Cho, K. and Bengio, Y.},
  title = {Empirical Evaluation of Gated Recurrent Neural Networks on Sequence Modeling},
  year = {2014},
  journal = {arXiv preprint},
  doi = {10.48550/arxiv.1412.3555}
}

@article{elman1990structure,
  author = {Elman, J. L.},
  title = {Finding Structure in Time},
  journal = {Cognitive Science},
  volume = {14},
  number = {2},
  pages = {179--211},
  year = {1990},
  doi = {10.1207/s15516709cog1402_1}
}

@article{hochreiter1997lstm,
  author = {Hochreiter, S. and Schmidhuber, J.},
  title = {Long Short-Term Memory},
  journal = {Neural Computation},
  volume = {9},
  number = {8},
  pages = {1735--1780},
  year = {1997},
  doi = {10.1162/neco.1997.9.8.1735}
}

@article{mikolov2013efficient,
  author = {Mikolov, T. and Chen, K. and Corrado, G. and Dean, J.},
  title = {Efficient Estimation of Word Representations in Vector Space},
  year = {2013},
  journal = {arXiv preprint},
  doi = {10.48550/arxiv.1301.3781}
}

@article{rumelhart1986backpropagation,
  author = {Rumelhart, D. E. and Hinton, G. E. and Williams, R. J.},
  title = {Learning Representations by Back-Propagating Errors},
  journal = {Nature (London)},
  volume = {323},
  number = {6088},
  pages = {533--536},
  year = {1986},
  doi = {10.1038/323533a0}
}

@article{sengupta2023hybrid,
  author = {Sengupta, A. and Das, A. and Guler, S. I.},
  title = {Hybrid Hidden Markov LSTM for Short-Term Traffic Flow Prediction},
  year = {2023},
  journal = {arXiv preprint},
  doi = {10.48550/arxiv.2307.04954}
}

@article{werbos1990bptt,
  author = {Werbos, P. J.},
  title = {Backpropagation Through Time: What It Does and How to Do It},
  journal = {Proceedings of the IEEE},
  volume = {78},
  number = {10},
  pages = {1550--1560},
  year = {1990},
  doi = {10.1109/5.58337}
}

@misc{wikipedia2023bptt,
  author = {{Wikipedia}},
  title = {Backpropagation Through Time},
  year = {2023},
  note = {In Wikipedia, The Free Encyclopedia. Retrieved November 12, 2024, from \url{https://en.wikipedia.org/wiki/Backpropagation_through_time}}
}

@article{bengio2009learning,
  author = {Bengio, Y},
  title = {Learning Deep Architectures for AI},
  journal = {Found. Trends Mach. Learn.},
  volume = {2},
  number = {1},
  pages = {1--127},
  year = {2009},
  doi = {10.1561/2200000006}
}

@article{le2010deep,
  author = {Le Roux, N and Bengio, Y},
  title = {Deep Belief Networks Are Compact Universal Approximators},
  journal = {FouNeural Computation},
  volume = {22},
  number = {8},
  pages = {2192â€“-2207},
  year = {2010},
  doi = {10.1162/neco.2010.08-09-1081}
}

@article{delalleau2011shallow,
  author = {Delalleau, O and Bengio, Y},
  title = {Shallow vs. deep sum-product networks},
  journal = {In NIPS},
  year = {2011},
}

@article{pascanu2013on,
  author = {Pascanu, R and Montufar, G and Bengio, Y},
  title = {On the number of response regions of deep feed forward networks with piece-wise linear activations},
  journal = {In NIPS},
  year = {2013},
  doi = {10.48550/arxiv.1312.6098}
}

@article{roberts2004general,
  author          = {Roberts, G. O. and Rosenthal, J. S.},
  journal         = {Probability Surveys},
  title           = {General state space Markov chains and MCMC algorithms},
  volume          = {1},
  pages           = {20--71},
  year            = {2004},
  doi             = {10.1214/154957804100000024}
}

@article{rabiner1989atutorial,
  author          = {Rabiner, L. R.},
  journal         = {Proceedings of the IEEE},
  title           = {A Tutorial on Hidden Markov Models and Selected Applications in Speech Recognition},
  volume          = {77},
  number          = {2},
  pages           = {257--286},
  year            = {1989},
  doi             = {10.1109/5.18626}
}

@article{rabiner1986anintroduction,
  author          = {Rabiner, L., and Juang, B.},
  journal         = {IEEE ASSP Magazine},
  title           = {An introduction to hidden Markov models},
  volume          = {1},
  number          = {3},
  pages           = {4--16},
  year            = {1986},
  doi             = {10.1109/MASSP.1986.1165342}
}

@InProceedings{maas-EtAl:2011:ACL-HLT2011,
  author    = {Maas, Andrew L.  and  Daly, Raymond E.  and  Pham, Peter T.  and  Huang, Dan  and  Ng, Andrew Y.  and  Potts, Christopher},
  title     = {Learning Word Vectors for Sentiment Analysis},
  booktitle = {Proceedings of the 49th Annual Meeting of the Association for Computational Linguistics: Human Language Technologies},
  month     = {June},
  year      = {2011},
  address   = {Portland, Oregon, USA},
  publisher = {Association for Computational Linguistics},
  pages     = {142--150},
  url       = {http://www.aclweb.org/anthology/P11-1015}
}

@misc{vaswani2023attentionneed,
      title={Attention Is All You Need}, 
      author={Ashish Vaswani and Noam Shazeer and Niki Parmar and Jakob Uszkoreit and Llion Jones and Aidan N. Gomez and Lukasz Kaiser and Illia Polosukhin},
      year={2023},
      eprint={1706.03762},
      archivePrefix={arXiv},
      primaryClass={cs.CL},
      url={https://arxiv.org/abs/1706.03762}, 
}

@misc{bahdanau2016neuralmachinetranslationjointly,
      title={Neural Machine Translation by Jointly Learning to Align and Translate}, 
      author={Dzmitry Bahdanau and Kyunghyun Cho and Yoshua Bengio},
      year={2016},
      eprint={1409.0473},
      archivePrefix={arXiv},
      primaryClass={cs.CL},
      url={https://arxiv.org/abs/1409.0473}, 
}

@misc{luong2015effectiveapproachesattentionbasedneural,
      title={Effective Approaches to Attention-based Neural Machine Translation}, 
      author={Minh-Thang Luong and Hieu Pham and Christopher D. Manning},
      year={2015},
      eprint={1508.04025},
      archivePrefix={arXiv},
      primaryClass={cs.CL},
      url={https://arxiv.org/abs/1508.04025}, 
}