@article{bengio1994learning,
  title={Learning long-term dependencies with gradient descent is difficult},
  author={Bengio, Y. and Simard, P. and Frasconi, P.},
  journal={IEEE Transactions on Neural Networks},
  volume={5},
  number={2},
  pages={157--166},
  year={1994},
  publisher={IEEE},
  doi={10.1109/72.279181}
}

@book{rabiner1993fundamentals,
  author = {Rabiner, L. R. and Juang, B. H.},
  title = {Fundamentals of Speech Recognition},
  publisher = {PTR Prentice Hall},
  year = {1993}
}

@article{cho2014properties,
  author = {Cho, K. and van Merrienboer, B. and Bahdanau, D. and Bengio, Y.},
  title = {On the Properties of Neural Machine Translation: Encoder-Decoder Approaches},
  year = {2014},
  journal = {arXiv preprint},
  doi = {10.48550/arxiv.1409.1259}
}

@article{chung2014empirical,
  author = {Chung, J. and Gulcehre, C. and Cho, K. and Bengio, Y.},
  title = {Empirical Evaluation of Gated Recurrent Neural Networks on Sequence Modeling},
  year = {2014},
  journal = {arXiv preprint},
  doi = {10.48550/arxiv.1412.3555}
}

@article{elman1990structure,
  author = {Elman, J. L.},
  title = {Finding Structure in Time},
  journal = {Cognitive Science},
  volume = {14},
  number = {2},
  pages = {179--211},
  year = {1990},
  doi = {10.1207/s15516709cog1402_1}
}

@article{hochreiter1997lstm,
  author = {Hochreiter, S. and Schmidhuber, J.},
  title = {Long Short-Term Memory},
  journal = {Neural Computation},
  volume = {9},
  number = {8},
  pages = {1735--1780},
  year = {1997},
  doi = {10.1162/neco.1997.9.8.1735}
}

@article{mikolov2013efficient,
  author = {Mikolov, T. and Chen, K. and Corrado, G. and Dean, J.},
  title = {Efficient Estimation of Word Representations in Vector Space},
  year = {2013},
  journal = {arXiv preprint},
  doi = {10.48550/arxiv.1301.3781}
}

@article{rumelhart1986backpropagation,
  author = {Rumelhart, D. E. and Hinton, G. E. and Williams, R. J.},
  title = {Learning Representations by Back-Propagating Errors},
  journal = {Nature (London)},
  volume = {323},
  number = {6088},
  pages = {533--536},
  year = {1986},
  doi = {10.1038/323533a0}
}

@article{sengupta2023hybrid,
  author = {Sengupta, A. and Das, A. and Guler, S. I.},
  title = {Hybrid Hidden Markov LSTM for Short-Term Traffic Flow Prediction},
  year = {2023},
  journal = {arXiv preprint},
  doi = {10.48550/arxiv.2307.04954}
}

@article{werbos1990bptt,
  author = {Werbos, P. J.},
  title = {Backpropagation Through Time: What It Does and How to Do It},
  journal = {Proceedings of the IEEE},
  volume = {78},
  number = {10},
  pages = {1550--1560},
  year = {1990},
  doi = {10.1109/5.58337}
}

@misc{wikipedia2023bptt,
  author = {{Wikipedia}},
  title = {Backpropagation Through Time},
  year = {2023},
  note = {In Wikipedia, The Free Encyclopedia. Retrieved November 12, 2024, from \url{https://en.wikipedia.org/wiki/Backpropagation_through_time}}
}